@book{haykin2009neural,
  title={Neural networks and learning machines/Simon Haykin.},
  author={Haykin, Simon S and others},
  pages={129--134},
  year={2009},
  edition={3},
  publisher={New York: Prentice Hall,}
}